@online{v601,
  title = {Versuch 601: Der Franck-Hertz-Versuch},
  urldate = "2018-05-29",
  url ="http://129.217.224.2/HOMEPAGE/PHYSIKER/BACHELOR/AP/SKRIPT/V601.pdf"
}
